@ARTICLE{rongtian,
	AUTHOR = "Rong Tian",
	TITLE = "Co-design thinking toward exascale computing",
	JOURNAL = "Information Technology Letter",
	VOLUME = {10},
	NUMBER = {3},
	PAGES = {50-63},
	MONTH = "November",
	YEAR = {2010}	}

@ARTICLE{braams:babel,
	AUTHOR = "Strouboulis T, Copps K, Babuska I",
	TITLE = "The generalized finite element method",
	JOURNAL = {Computer Methods in Applied Mechanics and Engineering},
	VOLUME = {},
	NUMBER = {190},
	PAGES = {32-33},
	MONTH = "",
	YEAR = {2001}	}

@INPROCEEDINGS{clark:pct,
	AUTHOR = "Malcolm Clark",
	TITLE = "Post Congress Tristesse",
	BOOKTITLE = "TeX90 Conference Proceedings",
	PAGES = "84-89",
	ORGANIZATION = "TeX Users Group",
	MONTH = "March", 
	YEAR = {1991}	}

@ARTICLE{herlihy:methodology,
	AUTHOR = "D. Sulsky, Z. Chen, H.L. Schreyer",
	TITLE = "A Particle Method for History-Dependent Materials",
	JOURNAL = {Computer Methods in Applied Mechanics and Engineering},
	VOLUME = {},
	NUMBER = {118},
	PAGES = {179-196},
	MONTH = "",
	YEAR = {1994}	}

@BOOK{Lamport:LaTeX,
	AUTHOR = "Leslie Lamport",
	TITLE = "LaTeX User's Guide and Document Reference Manual",
	PUBLISHER = "Addison-Wesley Publishing Company",
	ADDRESS = "Reading, Massachusetts",
	YEAR = "1986"	}

@BOOK{salas:calculus,
	AUTHOR = "S.L. Salas and Einar Hille",
	TITLE = "Calculus: One and Several Variable",
	PUBLISHER = "John Wiley and Sons",
	ADDRESS = "New York",
	YEAR = "1978"	}






